<record><leader>00000cas a22000007a 4500</leader><controlfield tag="001">19418784</controlfield><controlfield tag="008">890323d19061927moucr ne      0    0eng d</controlfield><datafield ind1=" " ind2=" " tag="010"><subfield code="a">sn 89066067 </subfield></datafield><datafield ind1=" " ind2=" " tag="040"><subfield code="a">MQN</subfield><subfield code="b">eng</subfield><subfield code="c">MQN</subfield><subfield code="d">OCLCQ</subfield></datafield><datafield ind1=" " ind2=" " tag="042"><subfield code="a">msc</subfield></datafield><datafield ind1="0" ind2=" " tag="130"><subfield code="a">Twice-a-week times (Louisiana, Mo.)</subfield></datafield><datafield ind1="1" ind2="4" tag="245"><subfield code="a">The twice-a-week times.</subfield></datafield><datafield ind1=" " ind2=" " tag="260"><subfield code="a">Louisiana, Mo. :</subfield><subfield code="b">Times Print. Co.,</subfield><subfield code="c">-1927.</subfield></datafield><datafield ind1=" " ind2=" " tag="300"><subfield code="a">v.</subfield></datafield><datafield ind1=" " ind2=" " tag="310"><subfield code="a">Semiweekly</subfield></datafield><datafield ind1="1" ind2=" " tag="362"><subfield code="a">Began in 1906.</subfield></datafield><datafield ind1="0" ind2=" " tag="362"><subfield code="a">-v. 30, no. 87 (Oct. 28, 1927).</subfield></datafield><datafield ind1=" " ind2=" " tag="588"><subfield code="a">Description based on: Vol. 9, no. 12 (Mar. 30, 1906).</subfield></datafield><datafield ind1=" " ind2=" " tag="752"><subfield code="a">United States</subfield><subfield code="b">Missouri</subfield><subfield code="c">Pike</subfield><subfield code="d">Louisiana.</subfield></datafield><datafield ind1="0" ind2="0" tag="780"><subfield code="t">Louisiana times</subfield><subfield code="w">(DLC)sn 89066066</subfield></datafield><datafield ind1="0" ind2="5" tag="780"><subfield code="t">Pike County news</subfield><subfield code="w">(DLC)sn 84024284</subfield></datafield><datafield ind1="0" ind2="7" tag="785"><subfield code="t">Louisiana press-journal (Louisiana, Mo. : 1923)</subfield><subfield code="w">(DLC)sn 89066075</subfield></datafield><datafield ind1="0" ind2="7" tag="785"><subfield code="t">Louisiana press-journal and twice-a-week times</subfield><subfield code="w">(DLC)sn 89066076</subfield></datafield></record>